@MISC{github,
	author = {{Bolaños Z., Johanna}},
	title  ={{Repositorio en GitHub de la clase de modelos probabilistas aplicados}},
	year = 2020,
	howpublished = {Recursos libre, disponible en \url{ github.com/JohannaBZ/Probabilidad/tree/master/Tarea7}}
}

@MISC{INEGI,
	author = {INEGI},
	title  ={{Índice Nacional de Precios al Consumidor (INPC)}},
	year = 2020,
	howpublished = {Recurso libre, disponible en https://www.inegi.org.mx/datos/}
}


@MISC{libro,
	author = {{Hawthorne, Nathaniel}},
	title  ={{The Scarlet Letter}},
	howpublished = {Recurso libre, disponible en \url{http://www.gutenberg.org/ebooks/25344}}
}


@MISC{r,
	author = {{The R Foundation}},
	title  ={{The R Project for Statistical Computing}},
	year = 2020,
	howpublished = {\url{https://www.r-project.org/}}
}


@MISC{notasElisa,
	author = {{Schaeffer, Elisa}},
	title  ={{Modelos   probabilistas   aplicados:   notas   del   curso}},
	howpublished = {Recurso disponible en, \url{https://elisa.dyndns-web.com/teaching/prob/pisis/prob.htmlut2}}
}


@MISC{notasclase,
author = {{Sigman,  Karl}},
title = {{Inverse  Transform  Method}},
howpublished = {Recurso disponible en, \url{ http://www.columbia.edu/  ks20/4404-Sigman/4404-Notes-ITM.pdf}}
}

@book{walpole,
  title={{Probability & statistics for Engineers & Scientists}},
  author={{Walpole,  Ronald  E., Myers,  Raymond  H., Myers  Sharon  L.,  Ye, Keying}},
  year= 2012,
  edition= {9th},
  publisher={{Pearson Education, Inc.}}
}


@book{taylor,
  title={{An Introduction to Stochastic Modeling}},
  author={{Taylor, Howard M., Karlin, Samuel}},
  year= 1998,
  edition= {Third},
  publisher={{Academic Press}}
}

@book{knuth,
  title={{Seminumerical Algorithms, The Art of Computer Programming}},
  author={{Knuth,  Donald  Ervin}},
  year= 1997,
  edition= {Third},
  publisher={{Addison Wesley}}
}

@book{devroye,
  title={{Non-uniform random variate generation}},
  author={{Devroye, Luc}},
  year= 1986,
  publisher={{Springer-Verlag New York Inc.}}
}

@book{hiller,
  title={{Introducción a la investigación de operaciones}},
  author={{Hillier, Frederick S., Lieberman, Gerald J.}},
  year= 2010,
  edition= {9th},
  publisher={{McGraw-Hill}}
}

@book{promodel,
  title={{Simulación y análsis de sistemas con Promodel}},
  author={{García D., Eduardo, García R., Heriberto, Cárdenas B., Leopoldo E.}},
  year= 2006,
  publisher={{Pearson Educación}}
}

@book{coss,
  title={{Simulación. Un enfoque práctico}},
  author={{Coss, Raúl Bu}},
  year= 2003,
  publisher={{EDITORIAL LIMUSA, S.A. de C.V.}}
}


@article{box,
 author = {{Box, G. E. P., Muller, Mervin E.}},
 title = {{A Note on the Generation of Random Normal Deviates}},
 doi = {10.1214/aoms/1177706645},
 journal = {{The Annals of Mathematical Statistics}},
 volume = {29},
 number = {2},
  year = 1958
 pages = {610--611}
}

@MISC{test,
	author = {{Prabhakaran, Selva}},
	title  ={{Statistical Tests}},
	year = 2017,
	howpublished = {{Recurso disponible en:\url{http://r-statistics.co/Statistical-Tests-in-R.html}}}
}

@MISC{freddy,
	author = {{Hernández, Freddy}},
	title  ={{Prueba de hipótesis}},
	howpublished = {Recurso disponible en: \url{https://fhernanb.github.io/Manual-de-R/ph.html}}
}


@article{guia,
author = {{Flores-Ruiz, E., Miranda-Novales, María,  Villasís-Keever, Miguel}},
year = 2017,
month = {07},
pages = {364-370},
title = {{The research protocol VI: How to choose the appropriate statistical test. Inferential statistics}},
volume = {64},
journal = {{Revista Alergia Mexico}}
}

@MISC{mangiafico,
author = {{Mangiafico, Salvatore S.}},
title = {{Summary and Analysis of Extension Program Evaluation in R}},
howpublished = {Recurso disponible en, \url{ https://rcompanion.org/handbook/I\_12.html}}
}

@book{gutierrez,
author = {{Gutiérrez B. Ana}},
title = {{Probabilidad y Estadística, Enfoque por competencias}},
year = 2012,
publisher = {{McGraw Hill}},
}
