@MISC{github,
	author = {{Bola√±os Z., Johanna}},
	title  ={{Repositorio en GitHub de la clase de modelos probabilistas aplicados}},
	year = 2020,
	howpublished = {Recursos libre, disponible en \url{ github.com/JohannaBZ/Probabilidad/tree/master/Tarea10}}
}

@MISC{r,
	author = {{The R Foundation}},
	title  ={{The R Project for Statistical Computing}},
	year = 2020,
	howpublished = {\url{https://www.r-project.org/}}
}

@book{librop,
	title = {{Introduction to Probability}},
	author = {{Grinstead, Charles M., Snell, J. Laurie}},
	year = 2006,
    publisher = {{American Mathematical Society}}
}



