@MISC{github,
	author = {{Bolaños Z., Johanna}},
	title  ={{Repositorio en GitHub de la clase de modelos probabilistas aplicados}},
	year = 2020,
	howpublished = {Recursos libre, disponible en \url{ github.com/JohannaBZ/Probabilidad/tree/master/Tarea11}}
}

@MISC{r,
	author = {{The R Foundation}},
	title  ={{The R Project for Statistical Computing}},
	year = 2020,
	howpublished = {\url{https://www.r-project.org/}}
}

@MISC{INEGI,
	author = {INEGI},
	title  ={{Índice Nacional de Precios al Consumidor (INPC)}},
	year = 2020,
	howpublished = {Recurso libre, disponible en https://www.inegi.org.mx/datos/}
}


@MISC{libro,
	author = {{Hawthorne, Nathaniel}},
	title  ={{The Scarlet Letter}},
	howpublished = {Recurso libre, disponible en \url{http://www.gutenberg.org/ebooks/25344}}
}


@MISC{r,
	author = {{The R Foundation}},
	title  ={{The R Project for Statistical Computing}},
	year = 2020,
	howpublished = {\url{https://www.r-project.org/}}
}


@MISC{notasElisa,
	author = {{Schaeffer, Elisa}},
	title  ={{Modelos   probabilistas   aplicados:   notas   del   curso}},
	howpublished = {Recurso disponible en, \url{https://elisa.dyndns-web.com/teaching/prob/pisis/prob.htmlut2}}
}


@MISC{notasclase,
author = {{Sigman,  Karl}},
title = {{Inverse  Transform  Method}},
howpublished = {Recurso disponible en, \url{ http://www.columbia.edu/  ks20/4404-Sigman/4404-Notes-ITM.pdf}}
}

@book{walpole,
  title={{Probability & statistics for Engineers & Scientists}},
  author={{Walpole,  Ronald  E., Myers,  Raymond  H., Myers  Sharon  L.,  Ye, Keying}},
  year= 2012,
  edition= {9th},
  publisher={{Pearson Education, Inc.}}
}


@book{taylor,
  title={{An Introduction to Stochastic Modeling}},
  author={{Taylor, Howard M., Karlin, Samuel}},
  year= 1998,
  edition= {Third},
  publisher={{Academic Press}}
}

@book{knuth,
  title={{Seminumerical Algorithms, The Art of Computer Programming}},
  author={{Knuth,  Donald  Ervin}},
  year= 1997,
  edition= {Third},
  publisher={{Addison Wesley}}
}

@book{devroye,
  title={{Non-uniform random variate generation}},
  author={{Devroye, Luc}},
  year= 1986,
  publisher={{Springer-Verlag New York Inc.}}
}

@book{hiller,
  title={{Introducción a la investigación de operaciones}},
  author={{Hillier, Frederick S., Lieberman, Gerald J.}},
  year= 2010,
  edition= {9th},
  publisher={{McGraw-Hill}}
}

@book{promodel,
  title={{Simulación y análsis de sistemas con Promodel}},
  author={{García D., Eduardo, García R., Heriberto, Cárdenas B., Leopoldo E.}},
  year= 2006,
  publisher={{Pearson Educación}}
}

@book{coss,
  title={{Simulación. Un enfoque práctico}},
  author={{Coss, Raúl Bu}},
  year= 2003,
  publisher={{EDITORIAL LIMUSA, S.A. de C.V.}}
}


@article{box,
 author = {{Box, G. E. P., Muller, Mervin E.}},
 title = {{A Note on the Generation of Random Normal Deviates}},
 doi = {10.1214/aoms/1177706645},
 journal = {{The Annals of Mathematical Statistics}},
 volume = {29},
 number = {2},
  year = 1958
 pages = {610--611}
}

@MISC{test,
	author = {{Prabhakaran, Selva}},
	title  ={{Statistical Tests}},
	year = 2017,
	howpublished = {{Recurso disponible en:\url{http://r-statistics.co/Statistical-Tests-in-R.html}}}
}

@MISC{freddy,
	author = {{Hernández, Freddy}},
	title  ={{Prueba de hipótesis}},
	howpublished = {Recurso disponible en: \url{https://fhernanb.github.io/Manual-de-R/ph.html}}
}


@article{guia,
author = {{Flores-Ruiz, E., Miranda-Novales, María,  Villasís-Keever, Miguel}},
year = 2017,
month = {07},
pages = {364-370},
title = {{The research protocol VI: How to choose the appropriate statistical test. Inferential statistics}},
volume = {64},
journal = {{Revista Alergia Mexico}}
}

@MISC{mangiafico,
author = {{Mangiafico, Salvatore S.}},
title = {{Summary and Analysis of Extension Program Evaluation in R}},
howpublished = {Recurso disponible en, \url{ https://rcompanion.org/handbook/I\_12.html}}
}

@book{gutierrez,
author = {{Gutiérrez B., Ana}},
title = {{Probabilidad y Estadística, Enfoque por competencias}},
year = 2012,
publisher = {{McGraw Hill}},
}

@MISC{link1,
author = {{Schnipper, Effrey L., Sax, Paul E.}},
title = {{Covid-19 test accuracy supplement: The math of Bayes’ Theorem}},
year = 2020,
howpublished = {Recurso disponible en, \url{ https://www.statnews.com/2020/08/20/covid-19-test-accuracy-supplement-the-math-of-bayes-theorem/}}
}


@article{link2,
author = {{Lewis, Michael A.}},
year = 2020,
month = {04},
pages = {},
title = {{Bayes’ theorem and Covid-19 testing}},
volume = {},
journal = {{Significance}}
}

@MISC{link3,
author = {{Ranjan, Archit}},
title = {{COVID-19, Bayes’ theorem and taking probabilistic decisions}},
year = 2020,
howpublished = {Recurso disponible en, \url{ https://towardsdatascience.com/covid-19-bayes-theorem-and-taking-data-driven-decisions-part-1-b61e2c2b3bea}}
}


@article{link4,
author = {{Good, Chester B., Hernandez, Inmaculada, Smith, Kenneth}},
year = 2020,
month = {06},
pages = {2490–2491},
title = {{Interpreting COVID-19 Test Results: a Bayesian Approach}},
volume = {35},
number = {8},
journal = {{Journal of General Internal Medicine}}
}


@article{link5,
author = {{Chan, Gar Ming}},
year = 2020,
month = {06},
pages = {},
title = {{Interpreting COVID-19 Test Results: a Bayesian Approach}},
volume = {},
number = {},
journal = {{Interpreting COVID-19 Test Results: a Bayesian Approach}}
}

@article{nomograma,
author = {{Aznar-Orovala, E., Mancheño-Alvarob, A., García-Lozanoa, T., Sánchez-Yepes, M.}},
year = 2013,
pages = {390-391},
title = {{Likelihood ratio and Fagan's nomogram: 2 basic tools for the rational use of clinical laboratory tests}},
volume = {28},
number = {6},
journal = {{Revista de Calidad Asistencial}}
}

@article{bayes,
author = {{Fernández R., Raúl}},
year = 2009,
pages = {158-165},
title = {{Bayes's theorem and its use in diagnostic test lectures in clinical laboratory}},
volume = {28},
number = {3},
journal = {{Revista Cubana de Investigaciones Biomédicas}}
}

@article{sensibilidad,
author = {{Díaz-Jiménez, Irma Virginia}},
year = 2020,
pages = {S51-S57},
title = {{Interpretation of diagnostic tests for the SARS-Cov-2 virus}},
volume = {41},
number = {Supl 1},
journal = {{Acta Pediatr Mex}}
}

@MISC{basededatos,
author = {{Hasell, J., Mathieu, E., Beltekian, D.}},
title = {{A cross-country database of COVID-19 testing. Sci Data 7, 345}},
year = 2020,
howpublished = {Recurso disponible en, \url{ https://ourworldindata.org/coronavirus-testing}}
}


@book{librop,
	title = {{Introduction to Probability}},
	author = {{Grinstead, Charles M., Snell, J. Laurie}},
	year = 2006,
    publisher = {{American Mathematical Society}}
}

@MISC{developer,
author = {{Mac Developer Library}},
title = {{Performing Convolution Operations}},
year = 2016,
howpublished = {Recurso disponible en, \url{ https://developer.apple.com/library/archive/documentation/Performance/Conceptual/vImage/ConvolutionOperations/ConvolutionOperations.html}}
}

@article{Kim,
author = {{Kim, S., Casper, R.}},
year = 2013,
pages = {},
title = {{Applications of Convolution in Image Processing with MATLAB}},
volume = {},
number = {},
journal = {{University of Washington}}
}

@MISC{ImageMagick,
author = {{Thyssen, Anthony}},
title = {{ImageMagick v6 Examples -- Convolution of Images}},
year = 2013,
howpublished = {Recurso disponible en, \url{ https://legacy.imagemagick.org/Usage/convolve/}}
}
