@MISC{INEGI,
	author = {INEGI},
	title  ={{Índice Nacional de Precios al Consumidor (INPC)}},
	year = 2020,
	howpublished = {Recurso libre, disponible en https://www.inegi.org.mx/datos/}
}


@MISC{github,
	author = {{Bolaños Z., Johanna}},
	title  ={{Repositorio en GitHub de la clase de modelos probabilistas aplicados}},
	year = 2020,
	howpublished = {Recursos libre, disponible en \url{ github.com/JohannaBZ/Probabilidad/tree/master/Tarea4}}
}


@MISC{libro,
	author = {{Hawthorne, Nathaniel}},
	title  ={{The Scarlet Letter}},
	howpublished = {Recurso libre, disponible en \url{http://www.gutenberg.org/ebooks/25344}}
}


@MISC{r,
	author = {{The R Foundation}},
	title  ={{The R Project for Statistical Computing}},
	year = 2020,
	howpublished = {\url{https://www.r-project.org/}}
}


@MISC{notasElisa,
	author = {{Schaeffer, Elisa}},
	title  ={{Modelos   probabilistas   aplicados:   notas   del   curso}},
	howpublished = {Recurso disponible en, \url{https://elisa.dyndns-web.com/teaching/prob/pisis/prob.htmlut2}}
}


@MISC{notasclase,
author = {{Sigman,  Karl}},
title = {{Inverse  Transform  Method}},
howpublished = {Recurso disponible en, \url{ http://www.columbia.edu/  ks20/4404-Sigman/4404-Notes-ITM.pdf}}
}

@book{walpole,
  title={{Probability & statistics for Engineers & Scientists}},
  author={{Walpole,  Ronald  E., Myers,  Raymond  H., Myers  Sharon  L.,  Ye, Keying}},
  year= 2012,
  edition= {9th},
  publisher={{Pearson Education, Inc.}}
}


@book{taylor,
  title={{An Introduction to Stochastic Modeling}},
  author={{Taylor, Howard M., Karlin, Samuel}},
  year= 1998,
  edition= {Third},
  publisher={{Academic Press}}
}

@book{knuth,
  title={{Seminumerical Algorithms, The Art of Computer Programming}},
  author={{Knuth,  Donald  Ervin}},
  year= 1997,
  edition= {Third},
  publisher={{Addison Wesley}}
}

@book{devroye,
  title={{Non-uniform random variate generation}},
  author={{Devroye, Luc}},
  year= 1986,
  publisher={{Springer-Verlag New York Inc.}}
}