
@MISC{INEGI,
	author = {{INEGI}},
	title  ={{Índice Nacional de Precios al Consumidor (INPC)}},
	year = 2020,
	howpublished = {Recurso libre, disponible en https://www.inegi.org.mx/datos/}
}


@MISC{github,
	author = {{Bolaños Z., Johanna}},
	title  ={{Repositorio en GitHub de la clase de modelos probabilistas aplicados}},
	year = 2020,
	howpublished = {Recursos libre, disponible en github.com/JohannaBZ/Probabilidad/tree/master/Tarea2}
}


@MISC{libro,
	author = {{Hawthorne, Nathaniel}},
	title  ={{The Scarlet Letter}},
	year = 1985,
	howpublished = {Recurso libre, disponible en http://www.gutenberg.org/ebooks/25344}
}


@MISC{r,
	author = {{The R Foundation}},
	title  ={{The R Project for Statistical Computing}},
	year = 2020,
	howpublished = {\url{https://www.r-project.org/}}
}

