@book{librop,
	title = {{Introduction to Probability}},
	author = {{Grinstead, Charles M., Snell, J. Laurie}},
	year = 2006,
    publisher = {{American Mathematical Society}}
}



