@article{Goetschalckx1988, 
title={Order Picking In An Aisle}, 
volume={20},
author={Goetschalckx, M. and Ratliff, H..}, 
year={1988}, 
month={03}, 
pages={53--62} 
}

@book{Tompkins2010,
author = {Tompkins, J. and White J. and Bozer Y. and Tanchoco J. M. A.},
year = {2010},
title = {Facilities planning 4th ed},
publisher = {John Wiley and Sons}
}

@article{Henn2013,
author = {Henn, S. and Schmid, V.},
year = {2013},
title = {Metaheuristics for order batching and sequencing in manual order picking systems},
journal = {Computers and Industrial Engineering},
publisher = {Elsevier Ltd},
volume = {66},
number = {2},
doi = {10.1016/j.cie.2013.07.003}
}


@article{Goetschalckx1989,
author = {Goetschalckx, M and Ashayeri, J.},
year = {1989},
pages = {99–-106},
title = {Classification and design of order picking systems},
volume = {2},
number = {2},
journal = {Logistics World}
}

@article{Davarzani2016,
author = {Davarzani, H. and Norrman, A.},
year = {2016},
title = {Toward a relevant agenda for warehousing research: literature review and practitioners' input},
journal = {Logistics Research},
volume = {8},
number = {1}
}

@article{DeKoster2007,
author = {De Koster, R. and Le-Duc, T. and Roodbergen, K. Jan},
year = {2007},
title = {Design and control of warehouse order picking: A literature review},
journal = {European Journal of Operational Research},
volume = {182},
number = {2},
doi = {10.1016/j.ejor.2006.07.009}
}

@article{Brynzer1996,
author = {Brynzér, H. and Johansson, M.I.},
year = {1996},
journal = {International Journal of Production Economics},
pages = {595--603},
title = {Storage location assignment: Using the product structure to reduce order picking times},
volume = {46-47},
doi={10.1016/0925-5273(94)00091-3}
}

@book{Manzini2012,
title = {Correlated Storage Assignment and Iso-Time Mapping Adopting Tri-Later Stackers. A Case Study from Tile Industry},
publisher = {Springer, London},
year = {2012},
author = {Manzini, R. and Bindi, F. and Ferrari, E. and Pareschi, A.},
pages = {373--396}
}

@article{Daniels1998,
author = {Daniels, R. L. and Rummel, J. L. and Schantz, R.},
title = {A model for warehouse order picking},
journal = {European Journal of Operational Research},
volume = {105},
number = {1},
pages = {1--17},
year = {1998},
doi = {https://doi.org/10.1016/S0377-2217(97)00043-X}
}


@article{Lin2016,
title = {Joint order batching and picker Manhattan routing problem},
journal = {Computers and Industrial Engineering},
volume = {95},
pages = {164--174},
year = {2016},
issn = {0360-8352},
doi = {https://doi.org/10.1016/j.cie.2016.03.009},
author = {Lin, C-C. and Kang, J-R. and Hou, C-C. and Cheng, C-Y.}
}

@article{Scholz2016,
author = {Scholz, A. and Henn, S. and Stuhlmann, M. and Wäscher, G.},
year = {2016},
title = {A new mathematical programming formulation for the Single-Picker Routing Problem},
journal = {European Journal of Operational Research},
volume = {253},
number = {1},
doi = {10.1016/j.ejor.2016.02.018}
}

@article{Theys2010,
author = {Theys, C. and Bráysy, O. and Dullaert, W. and Raa, B.},
year = {2010},
title = {Using a TSP heuristic for routing order pickers in warehouses},
journal = {European Journal of Operational Research},
publisher = {Elsevier B.V.},
volume = {200},
number = {3},
doi = {10.1016/j.ejor.2009.01.036}
}

@article{Petersen1999,
title = {An Evaluation of Routing and Volume-based Storage Policies in an Order Picking Operation},
journal = {Computers \& Operations Research},
volume = {30},
number = {2},
pages = {481--501},
year = {1999},
doi = {https://doi.org/10.1111/j.1540-5915.1999.tb01619.x },
author = {Petersen, C. G. and Schmenner, I-I. and Roger, W. }
}

@article{Ratliff1983,
author = {Ratliff, H. D. and Rosenthal A. S. },
year = {1983},
journal = {Operations Research},
number = {3},
pages = {507--521},
publisher = {INFORMS},
title = {Order-Picking in a Rectangular Warehouse: A Solvable Case of the Traveling Salesman Problem},
volume = {31}
}

@article{Roodbergen2001,
author = {Roodbergen, K. J. and De Koster, R. B. M.},
year  = {2001},
title = {Routing methods for warehouses with multiple cross aisles},
journal = {International Journal of Production Research},
volume = {39},
number = {9},
pages = {1865--1883},
publisher = {Taylor & Francis}
}

@article{Bolanos2020,
author = {Bolaños, J. and Saucedo, J. A. and Salais, T. E. and Marmolejo, J. A.},
year = {2020},
journal = {Applied Science},
pages = {534},
title = {Optimization of the storage location assignment and the picker-routing problem by using mathematical programming},
volume = {10},
doi={10.3390/app10020534}
}

@article{Dekker2004,
author = {Dekker, R. and De Koster, R. B. M. and Roodbergen, K. J. and Van, K. H.},
title = {Improving Order Picking Response Time at Ankor's Warehouse},
journal = {Interfaces},
volume = {34},
number = {4},
pages = {303--313},
year = {2004},
doi = {10.1287/inte.1040.0083}
}

@article{DeKoster1998,
author = {De Koster, R. and Poort, E. V. D.},
year = {1998},
pages = {469--480},
title = {Routing orderpickers in a warehouse: a comparison between optimal and heuristic solutions},
volume = {30},
number = {5},
journal = {IIE Transactions}
}

@article{Vaughan1999,
author = {Vaughan, T. and Petersen, C.},
year = {1999},
month = {01},
pages = {881--897},
title = {The effect of warehouse cross aisles on order picking efficiency},
volume = {37},
booktitle = {International Journal of Production Research}
}

@article{Zulj2018,
author = {Žulj, I. and Glock, C. H. and  Grosse, E. H. and Schneider, M.},
year = {2018},
pages = {338--347},
title = {Picker routing and storage-assignment strategies for precedence-constrained order picking},
volume = {123},
doi={10.1016/j.cie.2018.06.015},
journal = {Computers & Industrial Engineering}
}

@article{Bahrami2017,
title = {Using Simulation to Analyze Picker Blocking in Manual Order Picking Systems},
journal = {Procedia Manufacturing},
volume = {11},
pages = {1798--1808},
year = {2017},
note = {27th International Conference on Flexible Automation and Intelligent Manufacturing, FAIM2017, 27-30 June 2017, Modena, Italy},
issn = {2351-9789},
author = {Bahrami, B. and Aghezzaf, E.H. and Limere, V.}
}

@article{VanGils2018,
title = {Designing efficient order picking systems by combining planning problems: State-of-the-art classification and review},
journal = {European Journal of Operational Research},
volume = {267},
number = {1},
pages = {1--15},
year = {2018},
issn = {0377--2217},
doi = {https://doi.org/10.1016/j.ejor.2017.09.002},
author = {Van Gils, T. and Ramaekers, K. and Caris, A. and De Koster, R. B. M.}
}

@unpublished{Bartholdi2014,
author = {Bartholdi, J. and Hankman, St.},
year = {2014},
title = {Warehouse and Distribution Science},
address = {Atlanta, Georgia},
institution = {The Supply Chain and Logistics Institute. Atlanta. GA: Georgia Institute of Technology},
pages = {299}
}

@article{Chabot2017,
author = {Chabot, T. and Lahyani, R. and Coelho, L. C. and Renaud, J.},
title = {Order picking problems under weight, fragility and category constraints},
journal = {International Journal of Production Research},
volume = {55},
number = {21},
pages = {6361--6379},
year  = {2017},
publisher = {Taylor & Francis},
doi = {10.1080/00207543.2016.1251625}
}

@article{Matusiak2014,
author = {Matusiak, M. and De Koster, R.B.M. and Kroon, L. and Saarinen, J.},
year = {2014},
pages = {968--977},
title = {A fast simulated annealing method for batching precedence-constrained customer orders in a warehouse},
volume = {236},
journal = {European Journal of Operational Research},
doi={doi.org/10.1016/j.ejor.2013.06.001}
}

@phdthesis{Saucedo2005,
author = {Saucedo, J. A.},
year = {2005},
booktitle = {Universidad Autónoma de Nuevo León},
school = {Universidad Autónoma de Nuevo León},
title = {Verificación y empleo computacional de un modelo matemático utilizado para un layout en un centro de distribución}
}

@MISC{github,
	author = {{Bolaños, J.}},
	title  ={{Repositorio en GitHub de la clase de modelos probabilistas aplicados}},
	year = 2020,
	howpublished = {Recursos libre, disponible en \url{ github.com/JohannaBZ/Probabilidad/tree/master/proyecto}}
}

@MISC{r,
	author = {{The R Foundation}},
	title  ={{The R Project for Statistical Computing}},
	year = 2020,
	howpublished = {\url{https://www.r-project.org/}}
}

@book{walpole,
title = {Probability & statistics for Engineers & Scientists},
publisher = {Pearson Education, Inc.},
edition= {9th},
year = {2012},
author = {Walpole, R. E. and Myers, R. H. and Myers, S. L. and  Ye, K.}, 
}

@article{Johnston2018,
author = {Johnston, L. W.},
title = {Student's t-Test},
journal = {Journal of Quality Technology},
volume = {2},
number = {4},
pages = {243--245},
year  = {1970},
publisher = {Taylor & Francis},
doi = {10.1080/00224065.1970.11980443}
}

@phdthesis{puentes2016,
author = {Puentes, D. E.},
year = {2016},
booktitle = {Universidad Industrial de Santander},
school = {Universidad Autónoma de Nuevo León},
title = {Diseño de un modelo de distribución óptimo para un área de almacenamiento de operación manual basado en la estrategía \say{Forward reserve}}
}

@article{Gao2016,
title = {Experimental comparisons of hypothesis test and moving average based combustion phase controllers},
journal = {ISA Transactions},
volume = {65},
pages = {504--515},
year = {2016},
doi = {https://doi.org/10.1016/j.isatra.2016.09.003},
author = {Gao, J. and Wu, Y. and Shen, T.},
}

@article{Adamson2014,
title = {Making Sense of Methods and Measurement: t Test Part II},
journal = {Clinical Simulation in Nursing},
volume = {10},
number = {4},
pages = {e223},
year = {2014},
issn = {1876-1399},
doi = {https://doi.org/10.1016/j.ecns.2013.11.003},
author = {Adamson K. A. and Prion S.}
}

